% This file was created with JabRef 2.6.
% Encoding: Cp1252

@STRING{ACSSC = {Proc. Asilomar Conf. on Signals, Systems and Computers}}

@STRING{EURASIP_J_ASMP = {{EURASIP} Journal on Audio, Speech, Music Processing}}

@STRING{EURASIP_J_ASP = {{EURASIP} Journal on Applied Signal Processing}}

@STRING{EUSIPCO = {Proc. European Signal Processing Conf. (EUSIPCO)}}

@STRING{ICASSP = {Proc. IEEE Intl. Conf. Acoust., Speech, Signal Processing (ICASSP)}}

@STRING{ICSLP = {Proc. Intl. Conf. on Spoken Lang. Processing (ICSLP)}}

@STRING{IEE_EL = {IEE Electronics Lett.}}

@STRING{IEEE_ASLP = {{IEEE} Trans. Audio, Speech, Lang. Process.}}

@STRING{IEEE_DSP = {Proc. {IEEE} Intl. Conf. Digital Signal Processing (DSP)}}

@STRING{IEEE_J_AC = {{IEEE} Trans. Autom. Control}}

@STRING{IEEE_J_AUEA = {IEEE Trans. Audio Electroacoust.}}

@STRING{IEEE_J_JSAC = {{IEEE} J. Sel. Areas Commun.}}

@STRING{IEEE_J_WCOM = {IEEE Trans. Wireless Commun.}}

@STRING{IEEE_M_SP = {{IEEE} Signal Process. Mag.}}

@STRING{IEEE_proceedings = {Proc. IEEE}}

@STRING{IEEE_Tran_ASSP = {{IEEE} Trans. Acoust., Speech, Signal Process.}}

@STRING{IEEE_Tran_COM = {IEEE Trans. Commun.}}

@STRING{IEEE_Tran_CS = {IEEE Trans. Circuits Syst.}}

@STRING{IEEE_Tran_IT = {{IEEE} Trans. Inf. Theory}}

@STRING{IEEE_Tran_SAS = {{IEEE} Trans. Speech Audio Process.}}

@STRING{IEEE_Tran_SP = {{IEEE} Trans. Signal Process.}}

@STRING{IWAENC = {Proc. Intl. Workshop Acoust. Echo Noise Control {(IWAENC)}}}

@STRING{J_AES = {Journal Audio Eng. Soc.}}

@STRING{J_AUTOMATICA = {Automatica}}

@STRING{J_SP = {Signal Processing}}

@STRING{J_SPCOM = {Speech Communication}}

@STRING{J_SV = {Journal of Sound and Vibration}}

@STRING{JASA = {Journal Acoust. Soc. of America}}

@STRING{SPL = {{IEEE} Signal Process. Lett.}}

@STRING{WASPAA = {Proc. {IEEE} Workshop on Applications of Signal Processing to Audio
	and Acoustics}}




@article{long20173d,
  title={3D printing technology and its impact on Chinese manufacturing},
  author={Long, Yunguang and Pan, Jieyi and Zhang, Qinghui and Hao, Yingjie},
  journal={International Journal of Production Research},
  volume={55},
  number={5},
  pages={1488--1497},
  year={2017},
  publisher={Taylor \& Francis}
}


@article{zhou2000parametric,
  title={Parametric process optimization to improve the accuracy of rapid prototyped stereolithography parts},
  author={Zhou, Jack G and Herscovici, Daniel and Chen, Calvin C},
  journal={International Journal of Machine Tools and Manufacture},
  volume={40},
  number={3},
  pages={363--379},
  year={2000},
  publisher={Elsevier}
}

@article{leong1998abrasive,
  title={Abrasive jet deburring of jewellery models built by stereolithography apparatus (SLA)},
  author={Leong, Kah Fai and Chua, Chee Kai and Chua, Gim Siong and Tan, Chee Hock},
  journal={Journal of Materials Processing Technology},
  volume={83},
  number={1},
  pages={36--47},
  year={1998},
  publisher={Elsevier}
}

@article{shiraishi2014development,
  title={Development of suepr flexible replica of congenital heart disease with stereolithography 3D printing for simulation surgery and medical education},
  author={Shiraishi, Isao and Kurosaki, Kennichi and Kanzaki, Suzu and Ichikawa, Hajime},
  journal={Journal of Cardiac Failure},
  volume={20},
  number={10},
  pages={S180--S181},
  year={2014},
  publisher={Elsevier}
}


@article{yunus2017short,
  title={Short fiber reinforced 3d printed ceramic composite with shear induced alignment},
  author={Yunus, Doruk Erdem and He, Ran and Shi, Wentao and Kaya, Orhan and Liu, Yaling},
  journal={Ceramics International},
  year={2017},
  publisher={Elsevier}
}



@article{licciulli2005laser,
  title={Laser stereolithography of ZrO 2 toughened Al 2 O 3},
  author={Licciulli, A and Corcione, C Esposito and Greco, A and Amicarelli, V and Maffezzoli, A},
  journal={Journal of the European Ceramic Society},
  volume={25},
  number={9},
  pages={1581--1589},
  year={2005},
  publisher={Elsevier}
}


@article{scarparo1996mechanisms,
  title={Mechanisms of carbon dioxide laser stereolithography},
  author={Scarparo, MAF and Chen, QJ and Miller, AS and Li, CJ and Leary, H and Allen, SD},
  journal={Applied surface science},
  volume={106},
  pages={275--281},
  year={1996},
  publisher={Elsevier}
}


@article{chia2015recent,
  title={Recent advances in 3D printing of biomaterials},
  author={Chia, Helena N and Wu, Benjamin M},
  journal={Journal of biological engineering},
  volume={9},
  number={1},
  pages={4},
  year={2015},
  publisher={BioMed Central}
}


@article{wang2016stereolithographic,
  title={Stereolithographic (SLA) 3D printing of oral modified-release dosage forms},
  author={Wang, Jie and Goyanes, Alvaro and Gaisford, Simon and Basit, Abdul W},
  journal={International journal of pharmaceutics},
  volume={503},
  number={1},
  pages={207--212},
  year={2016},
  publisher={Elsevier}
}

@book{hashmi2014comprehensive,
  title={Comprehensive materials processing},
  author={Hashmi, Saleem},
  year={2014},
  publisher={Newnes}
}


@article{carneiro2015fused,
  title={Fused deposition modeling with polypropylene},
  author={Carneiro, OS and Silva, AF and Gomes, Rui},
  journal={Materials \& Design},
  volume={83},
  pages={768--776},
  year={2015},
  publisher={Elsevier}
}


@article{dul2016fused,
  title={Fused deposition modelling with ABS--graphene nanocomposites},
  author={Dul, Sithiprumnea and Fambri, Luca and Pegoretti, Alessandro},
  journal={Composites Part A: Applied Science and Manufacturing},
  volume={85},
  pages={181--191},
  year={2016},
  publisher={Elsevier}
}


@article{singh2014process,
  title={Process capability analysis of fused deposition modelling for plastic components},
  author={Singh, Rupinder},
  journal={Rapid Prototyping Journal},
  volume={20},
  number={1},
  pages={69--76},
  year={2014},
  publisher={Emerald Group Publishing Limited}
}



@article{jin2015quantitative,
  title={Quantitative analysis of surface profile in fused deposition modelling},
  author={Jin, Yu-an and Li, Hui and He, Yong and Fu, Jian-zhong},
  journal={Additive Manufacturing},
  volume={8},
  pages={142--148},
  year={2015},
  publisher={Elsevier}
}


@article{srivastava2016virtual,
  title={Virtual Design, Modelling and Analysis of Functionally graded materials by Fused Deposition Modeling},
  author={Srivastava, Manu and Maheshwari, Sachin and Kundra, TK and Rathee, Sandeep and Yashaswi, Ramkrishna and Sharma, Satish Kumar},
  journal={Materials Today: Proceedings},
  volume={3},
  number={10},
  pages={3660--3665},
  year={2016},
  publisher={Elsevier}
}


@article{rao2016optimization,
  title={Optimization of fused deposition modeling process using teaching-learning-based optimization algorithm},
  author={Rao, R Venkata and Rai, Dhiraj P},
  journal={Engineering Science and Technology, an International Journal},
  volume={19},
  number={1},
  pages={587--603},
  year={2016},
  publisher={Elsevier}
}


@article{faes2016influence,
  title={Influence of inter-layer cooling time on the quasi-static properties of ABS components produced via fused deposition modelling},
  author={Faes, Matthias and Ferraris, Eleonora and Moens, David},
  journal={Procedia CIRP},
  volume={42},
  pages={748--753},
  year={2016},
  publisher={Elsevier}
}


@article{chohan2016mathematical,
  title={Mathematical modelling of surface roughness for vapour processing of ABS parts fabricated with fused deposition modelling},
  author={Chohan, Jasgurpreet Singh and Singh, Rupinder and Boparai, Kamaljit Singh},
  journal={Journal of Manufacturing Processes},
  volume={24},
  pages={161--169},
  year={2016},
  publisher={Elsevier}
}


@article{griffiths2016effect,
  title={Effect of Build Parameters on Processing Efficiency and Material Performance in Fused Deposition Modelling},
  author={Griffiths, CA and Howarth, J and Rowbotham, G de-Almeida and Rees, A},
  journal={Procedia CIRP},
  volume={49},
  pages={28--32},
  year={2016},
  publisher={Elsevier}
}


@article{boschetto2016design,
  title={Design for manufacturing of surfaces to improve accuracy in Fused Deposition Modeling},
  author={Boschetto, Alberto and Bottini, Luana},
  journal={Robotics and Computer-Integrated Manufacturing},
  volume={37},
  pages={103--114},
  year={2016},
  publisher={Elsevier}
}


@article{costa2017estimation,
  title={Estimation of filament temperature and adhesion development in fused deposition techniques},
  author={Costa, SF and Duarte, FM and Covas, JA},
  journal={Journal of Materials Processing Technology},
  volume={245},
  pages={167--179},
  year={2017},
  publisher={Elsevier}
}


@article{shahzad2013additive,
  title={Additive manufacturing of alumina parts by indirect selective laser sintering and post processing},
  author={Shahzad, Khuram and Deckers, Jan and Kruth, Jean-Pierre and Vleugels, Jef},
  journal={Journal of Materials Processing Technology},
  volume={213},
  number={9},
  pages={1484--1494},
  year={2013},
  publisher={Elsevier}
}


@article{jiang2013study,
  title={Study on selective laser sintering of eucalyptus/PES blend and investment casting technology},
  author={Jiang, K and Guo, Y and Bourell, DL and Zeng, W and Li, Z},
  journal={Procedia CIRP},
  volume={6},
  pages={510--514},
  year={2013},
  publisher={Elsevier}
}


@article{shahzad2014additive,
  title={Additive manufacturing of zirconia parts by indirect selective laser sintering},
  author={Shahzad, Khuram and Deckers, Jan and Zhang, Zhongying and Kruth, Jean-Pierre and Vleugels, Jef},
  journal={Journal of the European Ceramic Society},
  volume={34},
  number={1},
  pages={81--89},
  year={2014},
  publisher={Elsevier}
}

@article{ganeriwala2014multiphysics,
  title={Multiphysics modeling and simulation of selective laser sintering manufacturing processes},
  author={Ganeriwala, Rishi and Zohdi, Tarek I},
  journal={Procedia CIRP},
  volume={14},
  pages={299--304},
  year={2014},
  publisher={Elsevier}
}


@article{zhu2015investigation,
  title={Investigation into mechanical and microstructural properties of polypropylene manufactured by selective laser sintering in comparison with injection molding counterparts},
  author={Zhu, Wei and Yan, Chunze and Shi, Yunsong and Wen, Shifeng and Liu, Jie and Shi, Yusheng},
  journal={Materials \& Design},
  volume={82},
  pages={37--45},
  year={2015},
  publisher={Elsevier}
}


@article{peyre2015experimental,
  title={Experimental and numerical analysis of the selective laser sintering (SLS) of PA12 and PEKK semi-crystalline polymers},
  author={Peyre, Patrice and Rouchausse, Yann and Defauchy, Denis and R{\'e}gnier, Gilles},
  journal={Journal of Materials Processing Technology},
  volume={225},
  pages={326--336},
  year={2015},
  publisher={Elsevier}
}


@article{yuksel2016modeling,
  title={Modeling of nanoparticle agglomeration and powder bed formation in microscale selective laser sintering systems},
  author={Yuksel, Anil and Cullinan, Michael},
  journal={Additive Manufacturing},
  volume={12},
  pages={204--215},
  year={2016},
  publisher={Elsevier}
}


@article{lammens2017visco,
  title={On the visco-elasto-plastic response of additively manufactured polyamide-12 (PA-12) through selective laser sintering},
  author={Lammens, Nicolas and Kersemans, Mathias and De Baere, Ives and Van Paepegem, Wim},
  journal={Polymer Testing},
  volume={57},
  pages={149--155},
  year={2017},
  publisher={Elsevier}
}

@article{torrado2015characterizing,
  title={Characterizing the effect of additives to ABS on the mechanical property anisotropy of specimens fabricated by material extrusion 3D printing},
  author={Torrado, Angel R and Shemelya, Corey M and English, Joel D and Lin, Yirong and Wicker, Ryan B and Roberson, David A},
  journal={Additive Manufacturing},
  volume={6},
  pages={16--29},
  year={2015},
  publisher={Elsevier}
}


@inproceedings{mirzaee2016additive,
  title={Additive manufacturing of a compact 3D dipole antenna using ABS thermoplastic and high temperature carbon paste},
  author={Mirzaee, Milad and Noghanian, Sima},
  booktitle={Antennas and Propagation (APSURSI), 2016 IEEE International Symposium on},
  pages={475--476},
  year={2016},
  organization={IEEE}
}


@inproceedings{zhang2017thermo,
  title={Thermo-mechanical properties of ABS parts fabricated by fused deposition modeling and vapor smoothing},
  author={Zhang, Sung-Uk and Han, Jonghyeuk and Kang, Hyun-Wook and Shin, Byoung-Chul},
  booktitle={Thermal, Mechanical and Multi-Physics Simulation and Experiments in Microelectronics and Microsystems (EuroSimE), 2017 18th International Conference on},
  pages={1--6},
  year={2017},
  organization={IEEE}
}


@inproceedings{mirzaee2015developing,
  title={Developing flexible 3D printed antenna using conductive ABS materials},
  author={Mirzaee, Milad and Noghanian, Sima and Wiest, Lindsey and Chang, Isaac},
  booktitle={Antennas and Propagation \& USNC/URSI National Radio Science Meeting, 2015 IEEE International Symposium on},
  pages={1308--1309},
  year={2015},
  organization={IEEE}
}


@inproceedings{mehmood2017performance,
  title={Performance evaluation of ABS (Acrylo-Nitrile-Butadiene Styrene) as high voltage insulator in the outdoor environment},
  author={Mehmood, Muhammad Ali and Li, Jian and Hassan, M Arshad Shehzad and others},
  booktitle={Electrical Materials and Power Equipment (ICEMPE), 2017 1st International Conference on},
  pages={700--702},
  year={2017},
  organization={IEEE}
}


@inproceedings{decuir2016mechanical,
  title={Mechanical Strength of 3-D Printed Filaments},
  author={Decuir, Francois and Phelan, Kelsey and Hollins, Bryant C},
  booktitle={Biomedical Engineering Conference (SBEC), 2016 32nd Southern},
  pages={47--48},
  year={2016},
  organization={IEEE}
}

@inproceedings{felicio2016complex,
  title={Complex permittivity and anisotropy measurement of 3D-printed PLA at microwaves and millimeter-waves},
  author={Fel{\'\i}cio, Jo{\~a}o M and Fernandes, Carlos A and Costa, Jorge R},
  booktitle={Applied Electromagnetics and Communications (ICECOM), 2016 22nd International Conference on},
  pages={1--6},
  year={2016},
  organization={IEEE}
}


7
@inproceedings{arjun2016design,
  title={Design of a 3D printed hand prosthesis actuated by nylon 6-6 polymer based artificial muscles},
  author={Arjun, Aditya and Saharan, Lokesh and Tadesse, Yonas},
  booktitle={Automation Science and Engineering (CASE), 2016 IEEE International Conference on},
  pages={910--915},
  year={2016},
  organization={IEEE}
}



@inproceedings{webb2006integration,
  title={Integration and packaging of microsystems by polymer overmoulding},
  author={Webb, D Patrick and Hutt, David A and Hopkinson, Neil and Palmer, Paul J and Conway, Paul P},
  booktitle={Electronics Systemintegration Technology Conference, 2006. 1st},
  volume={1},
  pages={567--574},
  year={2006},
  organization={IEEE}
}




@inproceedings{bunea2014investigation,
  title={Investigation of a membrane supported D-band antenna with a 3D printed polyamide lens},
  author={Bunea, Alina-Cristina and Neculoiu, Dan and Avram, Andrei and Rusch, Christian},
  booktitle={Microwave Conference (APMC), 2014 Asia-Pacific},
  pages={471--473},
  year={2014},
  organization={IEEE}
}





@inproceedings{shaw2016investigation,
  title={Investigation of porosity and mechanical properties of nylon SLS structures},
  author={Shaw, Benjamin and Dirven, Steven},
  booktitle={Mechatronics and Machine Vision in Practice (M2VIP), 2016 23rd International Conference on},
  pages={1--6},
  year={2016},
  organization={IEEE}
}


@article{rutkowski1986acrylonitrile,
  title={Acrylonitrile--butadiene--styrene copolymers (ABS): Pyrolysis and combustion products and their toxicity—a review of the literature},
  author={Rutkowski, Joseph V and Levin, Barbara C},
  journal={Fire and materials},
  volume={10},
  number={3-4},
  pages={93--105},
  year={1986},
  publisher={Wiley Online Library}
}

@article{sodergaard2010industrial,
  title={Industrial production of high molecular weight poly (lactic acid)},
  author={S{\"o}derg{\aa}rd, Anders and Stolt, Mikael},
  journal={Poly (Lactic Acid): Synthesis, Structures, Properties, Processing, and Applications},
  pages={27--41},
  year={2010},
  publisher={Wiley Online Library}
}

@article{mirzaee2016high,
  title={High frequency characterisation of wood-fill PLA for antenna additive manufacturing application},
  author={Mirzaee, M and Noghanian, S},
  journal={Electronics Letters},
  volume={52},
  number={20},
  pages={1656--1658},
  year={2016},
  publisher={IET}
  }
  
  @article{marra2017assessment,
  title={Assessment on the Effects of ZnO and Coated ZnO Particles on iPP and PLA Properties for Application in Food Packaging},
  author={Marra, Antonella and Rollo, Gennaro and Cimmino, Sossio and Silvestre, Clara},
  journal={Coatings},
  volume={7},
  number={2},
  pages={29},
  year={2017},
  publisher={Multidisciplinary Digital Publishing Institute}
}
@article{bergstrom2016overview,
  title={An overview of mechanical properties and material modeling of polylactide (PLA) for medical applications},
  author={Bergstr{\"o}m, J{\"o}rgen S and Hayman, Danika},
  journal={Annals of biomedical engineering},
  volume={44},
  number={2},
  pages={330--340},
  year={2016},
  publisher={Springer}
}

@article{marra2017assessment,
  title={Assessment on the Effects of ZnO and Coated ZnO Particles on iPP and PLA Properties for Application in Food Packaging},
  author={Marra, Antonella and Rollo, Gennaro and Cimmino, Sossio and Silvestre, Clara},
  journal={Coatings},
  volume={7},
  number={2},
  pages={29},
  year={2017},
  publisher={Multidisciplinary Digital Publishing Institute}
}




@article{doi:10.1021/ed021p88,
author = {Shor, Morton},
title = {Nylon},
journal = {Journal of Chemical Education},
volume = {21},
number = {2},
pages = {88},
year = {1944},
doi = {10.1021/ed021p88},

URL = { 
        http://dx.doi.org/10.1021/ed021p88
    
},
eprint = { 
        http://dx.doi.org/10.1021/ed021p88
    
}

}

@article{goulas2017assessing,
  title={Assessing extraterrestrial regolith material simulants for in-situ resource utilisation based 3D printing},
  author={Goulas, Athanasios and Binner, Jon GP and Harris, Russell A and Friel, Ross J},
  journal={Applied Materials Today},
  volume={6},
  pages={54--61},
  year={2017},
  publisher={Elsevier}
}


@inproceedings{khoshnevis2015selective,
  title={Selective Separation Sintering (SSS)-An Additive Manufacturing Approach for Fabrication of Ceramic and Metallic Parts with Applications in Planetary Construction},
  author={Khoshnevis, Behrokh and Zhang, Jing},
  booktitle={AIAA SPACE 2015 Conference and Exposition},
  pages={4450},
  year={2015}
}


@article{jakus2017robust,
  title={Robust and Elastic Lunar and Martian Structures from 3D-Printed Regolith Inks},
  author={Jakus, Adam E and Koube, Katie D and Geisendorfer, Nicholas R and Shah, Ramille N},
  journal={Scientific Reports},
  volume={7},
  year={2017},
  publisher={Nature Publishing Group}
}



@article{fateriadditive,
  title={Additive Manufacturing of Lunar Regolith for Extra-terrestrial Industry Plant},
  author={Fateri, Miranda and Gebhardt, Andreas and Gabrielli, Roland Antonius and Herdrich, Georg and Fasoulas, Stefanos and Gro{\ss}mann, Agnes and Schnauffer, Peter and Middendorf, Peter}
}


@article{goulas20163d,
  title={3D printing with moondust},
  author={Goulas, Athanasios and Goulas, Athanasios and Friel, Ross J and Friel, Ross J},
  journal={Rapid Prototyping Journal},
  volume={22},
  number={6},
  pages={864--870},
  year={2016},
  publisher={Emerald Group Publishing Limited}
}


@article{kading2015utilizing,
  title={Utilizing in-situ resources and 3D printing structures for a manned Mars mission},
  author={Kading, Benjamin and Straub, Jeremy},
  journal={Acta Astronautica},
  volume={107},
  pages={317--326},
  year={2015},
  publisher={Elsevier}
}
 

@article{joshi20153d,
  title={3D printing in aerospace and its long-term sustainability},
  author={Joshi, Sunil C and Sheikh, Abdullah A},
  journal={Virtual and Physical Prototyping},
  volume={10},
  number={4},
  pages={175--185},
  year={2015},
  publisher={Taylor \& Francis}
}

@article{d20153,
  title={3-D printed metal-pipe rectangular waveguides},
  author={D’Auria, Mario and Otter, William J and Hazell, Jonathan and Gillatt, Brendan TW and Long-Collins, Callum and Ridler, Nick M and Lucyszyn, Stepan},
  journal={IEEE Transactions on Components, Packaging and Manufacturing Technology},
  volume={5},
  number={9},
  pages={1339--1349},
  year={2015},
  publisher={IEEE}
}
@article{swetham2017critical,
  title={A Critical Review on of 3D Printing Materials and Details of Materials used in FDM},
  author={Swetham, Thirunahary and Reddy, Ketham Madhana Mohan and Huggi, Akhil},
  year={2017}
}

@article{ray2010jsc,
  title={JSC-1A lunar soil simulant: Characterization, glass formation, and selected glass properties},
  author={Ray, CS and Reis, ST and Sen, S and O'Dell, JS},
  journal={Journal of Non-Crystalline Solids},
  volume={356},
  number={44},
  pages={2369--2374},
  year={2010},
  publisher={Elsevier}
}

@article{jiang2011properties,
  title={Properties of TJ-1 lunar soil simulant},
  author={Jiang, Mingjing and Li, Liqing and Sun, Yugang},
  journal={Journal of Aerospace Engineering},
  volume={25},
  number={3},
  pages={463--469},
  year={2011},
  publisher={American Society of Civil Engineers}
}
@article{kawamoto2012electrostatic,
  title={Electrostatic shield for lunar dust entering mechanical seals of lunar exploration equipment},
  author={Kawamoto, Hiroyuki},
  journal={Journal of Aerospace Engineering},
  volume={27},
  number={2},
  pages={354--358},
  year={2012},
  publisher={American Society of Civil Engineers}
}

@Misc{stick,
howpublished = {\url{https://ultimaker.com/en/resources/158-print-not-sticking-to-build-plate}},
note = {Accessed Aug. 14, 2017},
title = {Print not sticking to build plate}
}
@Misc{abs,
howpublished = {\url{http://3dinsider.com/tips-for-3d-printing-with-abs-plastic/}},
note = {Accessed July. 18, 2017},
title = {Tips for 3D Printing with ABS Plastic}
}


}